@misc{.,
  title        = {},
  howpublished = {}
}

@article{BrainCoqulus,
  title = {BrainCoqulus: A Formally Verified Compiler of Untyped Lambda Calculus to Brainfuck},
  url   = {https://read.seas.harvard.edu/~kohler/class/cs260r-17/projects/braincoqulus.pdf}
}

@online{intel-verification,
  title = {Formal Verification of x86 Machine-Code Programs},
  url   = {https://www.cs.utexas.edu/~byoung/cs429/shilpi-slides.pdf}
}

@online{rust,
  title = {Rust},
  url   = {https://www.rust-lang.org/}
}

@online{cpp,
  title = {C++},
  url   = {https://cplusplus.com/}
}

@online{haskell,
  title = {Haskell},
  url   = {https://www.haskell.org/}
}

@online{clang-call,
  title = {Clang Call},
  url   = {https://clang.llvm.org/docs/ClangCommandLineReference.html}
}

@online{llvm-loop,
  title = {LLVM Loop},
  url   = {https://llvm.org/doxygen/classllvm_1_1Loop.html}
}

@online{vellvm,
  title = {The Vellvm (Verified LLVM) coq development},
  url   = {https://github.com/vellvm/vellvm}
}